@article{bellemare_dabney_munos_2017, title={A Distributional Perspective on Reinforcement Learning}, volume={abs/1707.06887}, url={http://arxiv.org/abs/1707.06887}, journal={CoRR}, author={Bellemare, Marc G and Dabney, Will and Munos, Remi}, year={2017}}
@article{boer_kroese_mannor_rubinstein_2005, title={A Tutorial on the Cross-Entropy Method}, volume={134}, DOI={10.1007/s10479-005-5724-z}, number={1}, journal={Annals of Operations Research}, author={Boer, Pieter-Tjerk De and Kroese, Dirk P. and Mannor, Shie and Rubinstein, Reuven Y.}, year={2005}, pages={19–67}}

@article{brito_celestino_moraes_2015, title={Study of the decay time of a CubeSat type satellite considering perturbations due to the Earth's oblateness and atmospheric drag}, volume={641}, DOI={10.1088/1742-6596/641/1/012026}, journal={Journal of Physics: Conference Series}, author={Brito, T P and Celestino, C C and Moraes, R V}, year={2015}, pages={012026}}
@inproceedings{broida2019spacecraft,
  title={Spacecraft rendezvous guidance in cluttered environments via reinforcement learning},
  author={Broida, Jacob and Linares, Richard},
  booktitle={29th AAS/AIAA Space Flight Mechanics Meeting},
  pages={1--15},
  year={2019}
}

@inbook{butcher_2016, place={Hoboken, NJ}, edition={3}, title={The Euler Method}, booktitle={Numerical Methods for Ordinary Differential Equations}, publisher={Wiley}, author={Butcher, John C.}, year={2016}, pages={55–96}}

@article{fortunato_azar_piot_menick_osband_graves_mnih_munos_hassabis_pietquin_et, title={Noisy Networks for Exploration}, volume={abs/1706.10295}, url={http://arxiv.org/abs/1706.10295}, journal={CoRR}, author={Fortunato, Meire and Azar, Mohammad Gheshlaghi and Piot, Bilal and Menick, Jacob and Osband, Ian and Graves, Alex and Mnih, Vlad and Munos, Remi and Hassabis, Demis and Pietquin, Olivier and et al.}, year={2017}}
@book{geron_aurelien_2019, place={Sebastopol, CA, CA}, edition={2}, title={Hands-on machine learning with Scikit-Learn, Keras, and TensorFlow: concepts, tools, and techniques to build intelligent systems}, publisher={O'Reilly Media, Inc.}, author={Geron Aurelien}, year={2019}} 

@book{hagan_demuth_beale_jesus_orlando_de_2014, place={S. l., OK}, edition={2}, title={Neural network design}, publisher={Martin Hagan}, author={Hagan, Martin T. and Demuth, Howard B. and Beale, Mark Hudson. and Jesús Orlando De}, year={2014}}
@article{hasselt_guez_silver_2015, title={Deep Reinforcement Learning with Double Q-learning}, url={http://arxiv.org/abs/1509.06461}, journal={CoRR}, author={Hasselt, Hado van and Guez, Arthur and Silver, David}, year={2015}}
@article{hedin_1987, title={MSIS-86 Thermospheric Model}, volume={92}, DOI={10.1029/ja092ia05p04649}, number={A5}, journal={Journal of Geophysical Research}, author={Hedin, Alan E.}, year={1987}, month={May}, pages={4649–4662}}
@article{hessel_modayil_hasselt_schaul_ostrovski_dabney_horgan_piot_azar_silver_et, title={Rainbow: Combining Improvements in Deep Reinforcement Learning}, url={http://arxiv.org/abs/1710.02298}, journal={CoRR}, author={Hessel, Matteo and Modayil, Joseph and Hasselt, Hado van and Schaul, Tom and Ostrovski, Georg and Dabney, Will and Horgan, Daniel and Piot, Bilal and Azar, Mohammad Gheshlaghi and Silver, David and et al.}, year={2017}}
@misc{kingma_ba_2017, title={Adam: A Method for Stochastic Optimization}, url={https://arxiv.org/abs/1412.6980}, journal={arXiv.org}, author={Kingma, Diederik P. and Ba, Jimmy}, year={2017}, month={Jan}}
@misc{lange_2007, place={Los Angeles}, title={The MM Algorithm}, publisher={UCLA}, author={Lange, Kenneth}, year={2007}, month={Apr}}
@article{lecun1998gradient,
  title={Gradient-based learning applied to document recognition},
  author={LeCun, Yann and Bottou, L{\'e}on and Bengio, Yoshua and Haffner, Patrick},
  journal={Proceedings of the IEEE},
  volume={86},
  number={11},
  pages={2278--2324},
  year={1998},
  publisher={Ieee}
}

 @article{lillicrap_hunt_pritzel_heess_erez_tassa_silver_wierstra_2015, title={Continous Control With Deep Reinforcement Learning}, url={https://arxiv.org/abs/1509.02971}, journal={ICLR}, author={Lillicrap, Timothy P and Hunt, Jonathan J and Pritzel, Alexander and Heess, Nicolas and Erez, tom and Tassa, Yuval and Silver, David and Wierstra, Daan}, year={2015}, month={Sep}}
@inproceedings{miller2019low,
  title={Low-thrust optimal control via reinforcement learning},
  author={Miller, Daniel and Linares, Richard},
  booktitle={29th AAS/AIAA Space Flight Mechanics Meeting},
  pages={1--18},
  year={2019}
}

@article{mnih_badia_mirza_graves_harley_lillicrap_silver_kavukcuoglu_2016, title={Asynchronous Methods for Deep Reinforcement Learning}, volume={abs/1602.01783}, url={http://arxiv.org/abs/1602.01783}, journal={CoRR}, author={Mnih, Voldymyr and Badia, Adria Puigdomenech and Mirza, Mehdi and Graves, Alex and Harley, Tim and Lillicrap, Timothy P and Silver, David and Kavukcuoglu, Koray}, year={2016}}
@article{mnih_kavukcuoglu_silver_graves_antonoglou_wierstra_riedmiller_2013, title={Playing Atari with Deep Reinforcement Learning}, url={https://arxiv.org/abs/1312.5602}, journal={Corr}, author={Mnih, Voldymyr and Kavukcuoglu, Koray and Silver, David and Graves, Alex and Antonoglou, Ioannis and Wierstra, Daan and Riedmiller, Martin}, year={2013}}
@article{mnih_kavukcuoglu_silver_rusu_veness_bellemare_graves_riedmiller_fidjeland_ostrovski_et, title={Human-level control through deep reinforcement learning}, url={https://www.nature.com/articles/nature14236}, DOI={10.1038/nature14236}, journal={Nature}, author={Mnih, Voldymyr and Kavukcuoglu, Koray and Silver, David and Rusu, Andrei A and Veness, Joel and Bellemare, Marc G and Graves, Alex and Riedmiller, Martin and Fidjeland, Andreas K and Ostrovski, Georg and et al.}, year={2015}, month={Feb}}
@article{moe_moe_wallace_1998, title={Improved Satellite Drag Coefficient Calculations from Orbital Measurements of Energy Accommodation}, volume={35}, DOI={10.2514/2.3350}, number={3}, journal={Journal of Spacecraft and Rockets}, author={Moe, Kenneth and Moe, Mildred M. and Wallace, Steven D.}, year={1998}, pages={266–272}}
@misc{nasa, title={Earth Atmosphere Model - Metric Units}, url={https://www.grc.nasa.gov/WWW/k-12/airplane/atmosmet.html}, journal={NASA}, publisher={NASA}}



@inbook{nocedal_wright_2006, place={New York, NY}, edition={2}, title={Trust-Region Methods}, booktitle={Numerical optimization}, publisher={Springer}, author={Nocedal, Jorge and Wright, Stephen J.}, year={2006}, pages={66–98}}
@article{oestreich2020autonomous,
  title={Autonomous Six-Degree-of-Freedom Spacecraft Docking Maneuvers via Reinforcement Learning},
  author={Oestreich, Charles E and Linares, Richard and Gondhalekar, Ravi},
  journal={arXiv preprint arXiv:2008.03215},
  year={2020}
}

@article{pardini_anselmo_2000, title={Comparison of Thermospheric Density Models by Satellite Orbital Decay Analysis}, author={Pardini, Carmen and Anselmo, Luciano}, year={2000}, month={Oct}}
@article{pardini_anselmo_2001, title={Comparison and Accuracy Assessment of Semi-Empirical Atmosphere Models through the Orbital Decay of Spherical Satellites}, volume={49}, number={2}, journal={Journal of the Astronautical Sciences}, author={Pardini, Carmen and Anselmo, Luciano}, year={2001}, month={Apr}, pages={255–157}}
@book{rohrlich_1999, title={From paradox to reality: our basic concepts of the physical world}, publisher={Cambridge University Press}, author={Rohrlich, Fritz}, year={1999}}
@article{rosenblatt_1958, title={The perceptron: A probabilistic model for information storage and organization in the brain.}, volume={65}, DOI={10.1037/h0042519}, number={6}, journal={Psychological Review}, author={Rosenblatt, F.}, year={1958}, pages={386–408}}


@article{schaul_quan_antonoglou_silver_2016, title={Prioritized Experience Replay}, url={https://arxiv.org/abs/1511.05952}, journal={ICLR}, author={Schaul, Tom and Quan, John and Antonoglou, Ioannis and Silver, David}, year={2016}}
@article{schulman_levine_mortiz_jordan_abbeel_2015, title={Trust Region Policy Optimization}, volume={abs/1502.05477}, url={http://arxiv.org/abs/1502.05477}, journal={CoRR}, author={Schulman, John and Levine, Sergey and Mortiz, Philipp and Jordan, Michael I and Abbeel, Pieter}, year={2015}}
@article{schulman_wolski_dharwal_radford_klimov_2017, title={Proximal Policy Optimization Algorithms}, volume={abs/1707.06347}, url={http://arxiv.org/abs/1707.06347}, journal={CoRR}, author={Schulman, John and Wolski, Filip and Dharwal, Prafulla and Radford, Alec and Klimov, Oleg}, year={2017}}
@article{sutton_1988, title={Learning to predict by the methods of temporal differences}, volume={3}, url={https://link.springer.com/article/10.1007%2FBF00115009}, DOI={10.1007/bf00115009}, number={1}, journal={Machine Learning}, author={Sutton, Richard S.}, year={1988}, month={Aug}, pages={9–44}}
@book{sutton_bach_barto_2018, place={Cambridge, MA}, title={Reinforcement Learning: An Introduction}, publisher={MIT Press Ltd}, author={Sutton, Richard S. and Bach, Francis and Barto, Andrew G.}, year={2018}}
@inbook{sutton_biblarz_2017, place={Hoboken, NJ}, title={Electric Propulsion}, booktitle={Rocket propulsion elements}, publisher={Wiley}, author={Sutton, George P. and Biblarz, Oscar}, year={2017}, pages={620–671}}
@article{wang_frietas_lanctot_2015, title={Dueling Network Architectures for Deep Reinforcement Learning}, volume={abs/1511.06581}, url={http://arxiv.org/abs/1511.06581}, journal={CoRR}, author={Wang, Ziyu and Frietas, Nando de and Lanctot, Marc}, year={2015}}
@article{yoshida_1990, title={Construction of higher order symplectic integrators}, volume={150}, DOI={10.1016/0375-9601(90)90092-3}, number={5-7}, journal={Physics Letters A}, author={Yoshida, Haruo}, year={1990}, month={Nov}, pages={262–268}}
@misc{achiam_2020, title={Proximal Policy Optimization}, url={https://spinningup.openai.com/en/latest/algorithms/ppo.html}, journal={Proximal Policy Optimization - Spinning Up documentation}, author={Achiam, Josh}, year={2020}, month={Jan}} 