@article{brito_celestino_moraes_2015, title={Study of the decay time of a CubeSat type satellite considering perturbations due to the Earth's oblateness and atmospheric drag}, volume={641}, DOI={10.1088/1742-6596/641/1/012026}, journal={Journal of Physics: Conference Series}, author={Brito, T P and Celestino, C C and Moraes, R V}, year={2015}, pages={012026}}
@article{hedin_1987, title={MSIS-86 Thermospheric Model}, volume={92}, DOI={10.1029/ja092ia05p04649}, number={A5}, journal={Journal of Geophysical Research}, author={Hedin, Alan E.}, year={1987}, month={May}, pages={4649–4662}}
@article{moe_moe_wallace_1998, title={Improved Satellite Drag Coefficient Calculations from Orbital Measurements of Energy Accommodation}, volume={35}, DOI={10.2514/2.3350}, number={3}, journal={Journal of Spacecraft and Rockets}, author={Moe, Kenneth and Moe, Mildred M. and Wallace, Steven D.}, year={1998}, pages={266–272}}
@article{pardini_anselmo_2000, title={Comparison of Thermospheric Density Models by Satellite Orbital Decay Analysis}, author={Pardini, Carmen and Anselmo, Luciano}, year={2000}, month={Oct}}
@article{pardini_anselmo_2001, title={Comparison and Accuracy Assessment of Semi-Empirical Atmosphere Models through the Orbital Decay of Spherical Satellites}, volume={49}, number={2}, journal={Journal of the Astronautical Sciences}, author={Pardini, Carmen and Anselmo, Luciano}, year={2001}, month={Apr}, pages={255–157}}
 @article{yoshida_1990, title={Construction of higher order symplectic integrators}, volume={150}, DOI={10.1016/0375-9601(90)90092-3}, number={5-7}, journal={Physics Letters A}, author={Yoshida, Haruo}, year={1990}, month={Nov}, pages={262–268}}
@inbook{sutton_biblarz_2017, place={Hoboken, NJ}, title={Electric Propulsion}, booktitle={Rocket propulsion elements}, publisher={Wiley}, author={Sutton, George P. and Biblarz, Oscar}, year={2017}, pages={620–671}}
@book{rohrlich_1999, title={From paradox to reality: our basic concepts of the physical world}, publisher={Cambridge University Press}, author={Rohrlich, Fritz}, year={1999}}
@misc{nasa, title={Earth Atmosphere Model - Metric Units}, url={https://www.grc.nasa.gov/WWW/k-12/airplane/atmosmet.html}, journal={NASA}, publisher={NASA}}